
@online{
ArquitecturaCom,
author = "Notas de teórico",
title = "Arquitectura de Computadoras – Interrupciones ",
year = "",
url = "https://www.fing.edu.uy/tecnoinf/mvd/cursos/arqcomp/material/teo/arq-teo08.pdf",
urldate = "2020-07-02"
}
@online{
IntroMicropro,
author = "Edward V. Ramírez and Melvyn Weiss",
title = "Introducción a los microprocesadores: equipo y sistemas",
year = "1986",
url = "https://books.google.com.co/books?id=Boih9s8uVP4C&pg=PA295&lpg=PA295&dq=interrupciones+en+microprocesadores&source=bl&ots=onnsv4lHu0&sig=ACfU3U1rck1MhlVBeOnR17cpoOGCKK22Pw&hl=es&sa=X&ved=2ahUKEwjL0-SWvqjqAhWlSt8KHZhqAIcQ6AEwEXoECAkQAQ#v=onepage&q=interrupciones%20en%20microprocesadores&f=false",
urldate = "2020-07-02"
}

@online{
Int_Ex,
author = "Sistemas Operativos",
title = "Interrupciones y excepciones",
year = "2019",
url = "https://1984.lsi.us.es/wiki-ssoo/index.php/Interrupciones_y_excepciones",
urldate = "2020-07-02"
}



@online{
Micro,
author = "Jennifer Esmeralda Chacón Carranza and Jaime Oswaldo Montoya Guzmán and Marvin Eliezer and Peña Figueroa and Mario Javier Quintana Rodríguez
",
title = "Microprocesadores y ensambladores",
year = "2008",
url = "http://www.ilustrados.com/tema/11902/Interrupciones-microprocesador.html",
urldate = "2020-07-02"
}


@online{
Micro,
author = "Jennifer Esmeralda Chacón Carranza and Jaime Oswaldo Montoya Guzmán and Marvin Eliezer and Peña Figueroa and Mario Javier Quintana Rodríguez
",
title = "Microprocesadores y ensambladores",
year = "2008",
url = "http://www.ilustrados.com/tema/11902/Interrupciones-microprocesador.html",
urldate = "2020-07-02"
}

@online{
Micro1,
author = "Luis Castellanos",
title = "Interrupciones",
year = "2014",
url = "https://lcsistemasoperativos.wordpress.com/tag/interrupciones/",
urldate = "2020-07-02"
}

@online{
Micro2,
author = "Enrique Crespo",
title = "Interrupciones",
year = "2016",
url = "https://aprendiendoarduino.wordpress.com/2016/11/13/interrupciones/",
urldate = "2020-07-02"
}